<record><leader>03779cam a2200505 i 4500</leader><controlfield tag="001">6786297</controlfield><controlfield tag="003">FlBoTFG</controlfield><controlfield tag="005">20150115163112.0</controlfield><controlfield tag="006">m|||||o||d||||||||</controlfield><controlfield tag="007">cr||||</controlfield><controlfield tag="008">150115t20152015fluad   ob    001 0 eng d</controlfield><datafield ind1=" " ind2=" " tag="020"><subfield code="a">9780203120170 (e-book : PDF)</subfield></datafield><datafield ind1=" " ind2=" " tag="035"><subfield code="a">ocn899003869</subfield></datafield><datafield ind1=" " ind2=" " tag="039"><subfield code="a">exclude</subfield></datafield><datafield ind1=" " ind2=" " tag="040"><subfield code="a">FlBoTFG</subfield><subfield code="b">eng</subfield><subfield code="e">rda</subfield><subfield code="c">FlBoTFG</subfield><subfield code="d">AEU</subfield></datafield><datafield ind1=" " ind2="4" tag="050"><subfield code="a">TD427.A77</subfield><subfield code="b">I54 2015</subfield></datafield><datafield ind1=" " ind2=" " tag="090"><subfield code="a">Internet Access</subfield><subfield code="b">AEU</subfield></datafield><datafield ind1=" " ind2=" " tag="090"><subfield code="a">Internet Access</subfield><subfield code="b">AVC</subfield></datafield><datafield ind1="0" ind2="0" tag="245"><subfield code="a">In-situ remediation of arsenic-contaminated sites /</subfield><subfield code="c">editors, Jochen Bundschuh, University of Southern Queensland, Faculty of Health, Engineering and Sciences &amp; National Centre for Engineering in Agriculture, Toowoomba, Queensland, Australia Royal Institute of Technology (KTH), Stockholm, Sweden; Hartmut M. Holl&#228;nder, University of Manitoba, Department of Civil Engineering, Manitoba, Canada; Lena Qiying Ma, State Key Laboratory of Pollution Control and Resource Reuse, School of the Environment, Nanjing University, Jiangsu China [and] Soil and Water Science Department, University of Florida, Gainesville, USA.</subfield></datafield><datafield ind1=" " ind2="1" tag="264"><subfield code="a">Boca Raton :</subfield><subfield code="b">CRC Press ;</subfield><subfield code="a">London :</subfield><subfield code="b">IWA Publishing,</subfield><subfield code="c">[2015]</subfield></datafield><datafield ind1=" " ind2="4" tag="264"><subfield code="c">&#169;2015</subfield></datafield><datafield ind1=" " ind2=" " tag="300"><subfield code="a">1 online resource.</subfield></datafield><datafield ind1=" " ind2=" " tag="336"><subfield code="a">text</subfield><subfield code="2">rdacontent</subfield></datafield><datafield ind1=" " ind2=" " tag="337"><subfield code="a">computer</subfield><subfield code="2">rdamedia</subfield></datafield><datafield ind1=" " ind2=" " tag="338"><subfield code="a">online resource</subfield><subfield code="2">rdacarrier</subfield></datafield><datafield ind1="1" ind2=" " tag="490"><subfield code="a">Arsenic in the environment,</subfield><subfield code="x">1876-6218 ;</subfield><subfield code="v">volume 6</subfield></datafield><datafield ind1=" " ind2=" " tag="500"><subfield code="a">"A Balkema book."</subfield></datafield><datafield ind1=" " ind2=" " tag="504"><subfield code="a">Includes bibliographical references and index.</subfield></datafield><datafield ind1="0" ind2=" " tag="505"><subfield code="a">In-situ technologies for groundwater treatment: the case of arsenic / Marta I. Litter [and four others] -- Numerical modeling of arsenic mobility / IlkaWallis, Henning Prommer &amp; Dimitri Vlassopoulos -- Phytostabilization of arsenic / Claes Bergqvist &amp; Maria Greger -- Recent advances in phytoremediation of arsenic-contaminated soils / XinWang &amp; Lena Qiying Ma -- Fundamentals of electrokinetics / Soon-Oh Kim, Keun-Young Lee &amp; Kyoung-Woong Kim -- Microbial in-situ mitigation of arsenic contamination in plants and soils / Nandita Singh [and four others] -- In-situ immobilization of arsenic in the subsurface on an anthropogenic contaminated site / Timo Kr&#252;ger [and five others].</subfield></datafield><datafield ind1=" " ind2=" " tag="506"><subfield code="a">Access restricted to authorized users and institutions.</subfield></datafield><datafield ind1=" " ind2=" " tag="520"><subfield code="a">"Providing an introduction, scientific background, case studies and future perspectives of technologies for soils, soil water and groundwater at contaminated sites. Case studies present especially arsenate and arsenite, but also organic arsenic compounds. The work covers geochemical, microbiological and plant ecological solutions for arsenic remediation. Part I : Introduction, background and remediation technologies; Part II : Case studies : soils; geogenic, mining-related and anthropogenic contaminated sites; technical, ecological and economical sustainability of in-situ remediation; modeling."--</subfield><subfield code="c">Provided by publisher.</subfield></datafield><datafield ind1=" " ind2=" " tag="596"><subfield code="a">44 52</subfield></datafield><datafield ind1=" " ind2="0" tag="650"><subfield code="a">Groundwater</subfield><subfield code="x">Purification</subfield><subfield code="x">Arsenic removal.</subfield></datafield><datafield ind1=" " ind2="0" tag="650"><subfield code="a">Soil remediation.</subfield></datafield><datafield ind1=" " ind2="0" tag="650"><subfield code="a">Arsenic wastes</subfield><subfield code="x">Environmental aspects.</subfield></datafield><datafield ind1=" " ind2="0" tag="650"><subfield code="a">In situ remediation.</subfield></datafield><datafield ind1="1" ind2=" " tag="700"><subfield code="a">Bundschuh, Jochen,</subfield><subfield code="e">editor.</subfield></datafield><datafield ind1="1" ind2=" " tag="700"><subfield code="a">Holl&#228;nder, Hartmut M.,</subfield><subfield code="e">editor.</subfield></datafield><datafield ind1="1" ind2=" " tag="700"><subfield code="a">Ma, Lena Qiying,</subfield><subfield code="e">editor.</subfield></datafield><datafield ind1=" " ind2="0" tag="830"><subfield code="a">Arsenic in the environment ;</subfield><subfield code="v">v. 6.</subfield></datafield><datafield ind1="4" ind2="0" tag="856"><subfield code="3">University of Alberta Access</subfield><subfield code="u">http://marc.crcnetbase.com/isbn/9780203120170</subfield><subfield code="z">(Unlimited Concurrent Users)</subfield></datafield><datafield ind1="4" ind2="0" tag="856"><subfield code="3">Lakeland College Access</subfield><subfield code="u">http://marc.crcnetbase.com/isbn/9780203120170</subfield></datafield><datafield ind1=" " ind2=" " tag="949"><subfield code="h">UAIN</subfield><subfield code="z">CRC</subfield></datafield><datafield ind1=" " ind2=" " tag="926"><subfield code="a">Internet Access</subfield><subfield code="w">LC</subfield><subfield code="c">1</subfield><subfield code="i">6786297-1001</subfield><subfield code="l">INTERNET</subfield><subfield code="m">UAINTERNET</subfield><subfield code="r">Y</subfield><subfield code="s">Y</subfield><subfield code="t">E-RESOURCE</subfield><subfield code="u">1/20/2015</subfield><subfield code="x">E-BOOK</subfield><subfield code="z">CRC</subfield></datafield><datafield ind1=" " ind2=" " tag="926"><subfield code="a">Internet Access</subfield><subfield code="w">LC</subfield><subfield code="c">1</subfield><subfield code="i">6786297-2001</subfield><subfield code="l">INTERNET</subfield><subfield code="m">LAKELND_IN</subfield><subfield code="r">Y</subfield><subfield code="s">Y</subfield><subfield code="t">E-RESOURCE</subfield><subfield code="u">2/6/2015</subfield><subfield code="x">E-BOOK</subfield><subfield code="z">CRCLL</subfield></datafield></record>